2042 3059
11 1181 303 1380 'Quemadmodum
325 1256 403 1308 eaest
426 1253 588 1308 bibliothecae
606 1254 807 1325 Rehdigerianae,
825 1259 919 1329 templo
940 1262 1007 1331 apud

130 1326 328 1381 Vratislauienses
337 1325 488 1376 Elisabetano
505 1323 612 1391 iun'tlae,
631 1327 660 1377 ab
672 1326 814 1379 immortalis
828 1328 906 1380 famae
920 1328 1006 1382 funda-

17 1417 73 1455 tore
84 1397 218 1451 THOMA
232 1412 249 1446 A
263 1393 439 1448 REHDIGER
458 1408 490 1443 ET
508 1393 597 1445 SLISA
616 1395 648 1446 ita
665 1392 755 1457 thielae,
772 1395 925 1465 semperque,
943 1414 1007 1465 quo·

18 1484 126 1538 cumque
139 1464 216 1517 modo
233 1477 363 1532 augeatur,
381 1460 546 1513 nominandae
564 1462 598 1529 (³⁶)
618 1463 753 1527 celebritaS,
772 1478 811 1529 vt,
828 1464 875 1516 fiue
892 1464 1007 1519 codicum

17 1555 92 1591 manu
104 1548 259 1587 exaratorum
274 1548 299 1584 et
312 1531 378 1600 typis
389 1528 557 1598 expressorum
568 1531 675 1599 pretium
689 1546 715 1584 et
726 1531 822 1601 copiam
841 1531 939 1602 speclea,
958 1534 1006 1587 siue

19 1607 51 1660 ad
59 1606 115 1658 artis
127 1605 154 1655 et
161 1616 262 1654 naturae
274 1616 350 1669 opera
364 1598 439 1650 rarius
454 1598 527 1650 obuia
537 1599 652 1664 attendas,
668 1600 1008 1654 interceleherrimasGenna-

17 1675 72 1727 niae
84 1672 244 1725 bibliothecas
254 1669 337 1720 locum
346 1682 487 1728 mereatum
515 1667 547 1718 ita
559 1668 629 1719 multi
646 1667 727 1719 adhuc
740 1668 817 1720 latent
830 1671 855 1720 in
868 1686 894 1720 ea
904 1669 1008 1721 thesauri

19 1740 161 1803 absconditi,
179 1738 208 1789 ab
221 1736 250 1789 iis
261 1736 286 1788 in
295 1736 433 1788 litterarum
444 1735 626 1786 incrementum
638 1735 788 1801 recludendi,
807 1738 894 1804 quibus
905 1737 952 1789 sese
961 1737 1006 1789 isti-

18 1804 218 1864 usmodilaboris
234 1803 386 1856 iucundioris
406 1801 552 1871 suscipiendi
571 1804 664 1855 occasio
694 1804 758 1855 vltro
776 1803 857 1858 offert.
899 1804 1006 1857 Proinde

7 1896 96 1948 ,quum
108 1875 169 1927 rnihi
183 1874 229 1924 hac
238 1872 309 1925 dolia
319 1871 447 1939 voluptate
458 1886 513 1923 turn
524 1871 583 1921 olim
595 1871 688 1940 perfrui
701 1871 809 1937 licuerit,
830 1888 884 1926 tum
899 1874 1005 1925 beneuo-

0 1935 147 2001 lentiffime
156 1942 289 1994 etiamnum
300 1939 459 2003 concedatur,
477 1937 529 1990 fieri
549 1938 614 1992 haud
630 1939 698 1992 aliter
710 1941 809 2008 potuit,
827 1940 888 2010 quin
912 1944 1005 1992 Coclitem

19 2031 111 2086 qaratrrar
122 2014 279 2078 ·euangelr'ornm
296 2013 387 2058 latitarent
401 2007 426 2059 in
437 2008 478 2059 ista
494 2006 642 2065 bibliotheca
654 2008 773 2060 seruatum
783 2027 841 2079 prae
857 2009 938 2062 multis
957 2010 1005 2061 aliis

18 2083 181 2154 dignissimum
195 2078 241 2130 effe
253 2076 424 2138 iudicauerisn,
442 2076 511 2128 culus
528 2092 585 2127 cum
603 2091 664 2125 textu
685 2081 760 2124 Graeco
774 2081 903 2145 vulgataque
918 2082 1005 2140 velstonc

19 2151 119 2205 collatio
132 2148 309 2202 institueretur.
344 2146 434 2212 Neque
443 2145 523 2208 etiam,
540 2145 696 2212 posteaquam
709 2143 733 2194 id
748 2145 839 2213 negotii
848 2145 899 2195 suna
912 2143 1006 2213 adgres-

19 2220 66 2285 sus,
84 2219 139 2289 spes
150 2234 189 2269 rne
197 2214 307 2267 frustrata
321 2214 356 2264 est
370 2232 375 2270 ;
404 2211 521 2281 srquidern
535 2212 615 2281 primo
632 2215 803 2266 tantummodo
817 2212 878 2265 folio
897 2212 1005 2281 inspeclo

19 2289 131 2357 faclaque
149 2283 292 2338 comeditis
311 2281 377 2335 libris
390 2280 573 2351 comparatione
590 2281 717 2333 varietates
731 2299 744 2334 a
758 2282 868 2341 nemine,
885 2296 1006 2348 quantum

21 2357 123 2426 quidem
140 2354 215 2417 noui,
233 2352 369 2404 obseruatas
389 2365 414 2402 et
432 2352 509 2402 sacrae
527 2348 622 2401 criticae
635 2348 738 2401 fortaffis
759 2350 898 2419 profuturas
917 2349 1006 2416 reperi.

21 2429 78 2497 Qua
92 2425 166 2477 etiarn
181 2423 207 2475 in
223 2421 344 2492 opinione
360 2435 388 2473 vt
404 2418 559 2538 confistgrern
575 2417 656 2489 operis
670 2418 769 2471 dernurn
779 2416 1005 2470 'continuatiornihi

531 2499 567 2548 3,
940 2502 1005 2538 ‘ve-

48 2616 355 2733 (*)(K)RANTlelllcrnorab.
370 2616 422 2666 uin.
433 2617 489 2674 publ.
510 2615 557 2666 Elis,
573 2615 629 2664 Vraa
645 2613 729 2672 Rehdigt
745 2613 825 2661 Vratish
843 2614 904 2675 1699,
915 2616 1008 2671 4.Praef,

105 2690 120 2716 c,
140 2687 160 2731 3.
